@Article{abril:2000a,
  author =       {J. F. Abril and R. Guigo},
  title =        {gff2ps: visualizing genomic annotations},
  journal =      {Bioinformatics},
  year =         2000,
  volume =       8,
  pages =        {743--744},
}

@Article{abril:2005a,
  author =       {J. F. Abril and R. Castelo and R. Guigo},
  title =        {Comparison of splice sites in mammals and chicken},
  journal =      {Genome Research},
  year =         2005,
  volume =       15,
  pages =        {111--119},
}

@Article{adams:2000a,
   author = {M.D. Adams and S.E. Celniker and R.A. Holt and C.A. Evans and J.D. Gocayne and P.G. Amanatides and S.E. Scherer and P.W. Li and R.A. Hoskins and R.F. Galle and R.A. George and S.E. Lewis and S. Richards and M. Ashburner and S.N. Henderson and others},
    title = {The genome sequence of \textit{Drosophila melanogaster}.},
  journal = {Science},
     year = {2000},
   volume = {287},
    pages = {2185--95},
}

@Book{alberts:1994a,
     author = {B. Alberts and D. Bray and J. Lewis and M. Raff and K. Roberts and J. D. Watson},
      title = {Molecular biology of the cell},
  publisher = {Garland publishing},
       year = 1994,
    edition = {Third},
       isbn = {0-8153-1620-8}
}

@Article{alexandersson:2003a,
  author =      {M. Alexandersson and S. Cawley and L. Patcher},
  title =       {SLAM: cross-species gene finding and alignment
                 with a generalized pair hidden Markov model},
  journal =     {Genome Research},
  year =        2003,
  volume =      13,
  pages =       {496--502},
} 

@Article{allen:2005a,
  author =      {J.E. Allen and S.L. Salzberg},
  title =       {JIGSAW: integration of multiple sources of evidence for gene prediction},
  journal =     {Bioinformatics},
  year =        2005,
  volume =      21,
  pages =       {3596--3603},
} 


@Article{altschul:1990a,
   author = {S.F. Altschul and W. Gish and W. Miller and E.W. Myers and D.J. Lipman},
    title = {Basic local alignment search tool.},
  journal = {Journal of Molecular Biology},
     year = {1990},
   volume = {215},
    pages = {403--10},
}

@Article{altschul:1997a,
   author = {S.F. Altschul and T.L. Madden and A.A. Schaffer and J. Zhang and Z. Zhang and W. Miller and D.J. Lipman},
    title = {Gapped {BLAST} and {PSI-BLAST}: a new generation of protein database search programs.},
  journal = {Nucleic Acids Research},
     year = {1997},
   volume = {25},
    pages = {3389--3402},
}

@Article{antequera:1993a,
  author =      {F. Antequera and Adrian Bird},
  title =       {Number of {CpG} islands and genes in human and mouse},
  journal =     {Proceedings of National Academy of Sciences},
  year =        1993,
  volume =      90,
  pages =       {11995-11999},
}

@Article{apostolico:1987a,
   author = {A. Apostolico and C. Guerra},
    title = {The longest common subsequence problem revisited.},
  journal = {Algorithmica},
     year = {1987},
   volume = {2},
    pages = {315--336},
}

@Article{bateman:2004a,
  author =      {A. Bateman and L. Coin and R. Durbin and R.D. Finn and V. Hollich and S. Griffiths-Jones and A. Khanna and M. Marshall and S. Moxon and E.L.L. Sonnhammer and D.J. Studholme and C. Yeats and S.R. Eddy},
  title =       { The {Pfam} Protein Families Database},
  journal =     {Nucleic Acids Research},
  year =        2004,
  pages =       {D138--D141},
}

@Article{batzoglou:2000a,
   author = {S. Batzoglou and L. Pachter and J.P. Mesirov and B. Berger and E.S. Lander},
    title = {Human and mouse gene structure: comparative analysis and application to exon prediction.},
  journal = {Genome Research},
     year = {2000},
   volume = {10},
    pages = {950--958},
}

@Book{baxevanis:2005a,
     author = {A.D. Baxevanis and B.F.F. Ouellette},
      title = {Bioinformatics: A Practical Guide to the Analysis of Genes and Proteins.},
  publisher = {John Wiley \& Sons Inc., New York, USA},
       year = 2005,
    edition = {Third},
       isbn = {0-471-47878-4}
}

@Article{bailey:1994a,
  author =      {T. L. Bailey and C. Elkan},
  title =       {Fitting a mixture model by expectation maximization to discover motifs in biopolymers},
  journal =     {Proceedings of the 2nd International Conference on Intelligent Systems for Molecular Biology (ISMB)},
  year =        1994,
  pages =       {28-36},
}

@Article{bassel:1992a,
  author =      {R. Bassel-Duby and M.D. Hernandez and M.A. Gonzalez and J.K. Krueger and R.S. Williams.},
  title =       {A 40-kilodalton protein binds specifically to an upstream sequence element essential for muscle-specific transcription of the human myoglobin promoter},
  journal =     {Molecular and Cellular Biology},
  year =        {1992},
  volume =      {12},
  pages =       {5024-5032},
}

@Article{beer:2004a,
  author =		 {M. A. Beer and S. Tavazoie},
  title =		 {Predicting gene expression from sequence},
  journal =		 {Cell},
  year =                 2004,
  volume =		 117,
  pages =		 {185--198},
}

@Article{bejerano:2004a,
   author = {G. Bejerano and M. Pheasant and I. Makunin and S. Stephen and W.J. Kent and J.S. Mattick and D. Haussler},
    title = {Ultraconserved elements in the human genome},
  journal = {Science},
     year = {2004},
   volume = {304},
    pages = {1321--1325},
}

@Article{bell:2003a,
   author = {J.I. Bell},
    title = {The double helix in clinical practice},
  journal = {Nature},
     year = {2003},
   volume = {421},
    pages = {414--416},
}

@Book{bellman:1957a,
     author = {R. Bellman},
      title = {Dynamic programming},
  publisher = {Princeton University Press, Boston, USA},
       year = 1957,
}

@Article{beltran:2003a,
   author = {S. Beltran and E. Blanco and F. Serras and B. Perez-Villamil and R. Guig{\'o} and S. Artavanis-Tsakonas and M. Corominas},
    title = {Transcriptional network controlled by the trithorax-group gene ash2 in {\emph Drosophila melanogaster}},
  journal = {Proceedings of the National Academy of Sciences},
     year = {2003},
   volume = {100},
    pages = {3293--3298},
}

@Article{benderdour:2002a,
  author =      {M. Benderdour and G. Tardif and J. Pelletier and M. Dupuis and C. Geng and J. Martel-Pelletier},
  title =       {A novel negative regulatory element in the human collagenase-3 proximal promoter region},
  journal =     {Biochemical and Biophysical Research Communications},
  year =        {2002},
  volume =      {291},
  pages =       {1151-1159},
}

@Article{benbow:1997a,
  author =      {U. Benbow and C.E. Brinckerhoff},
  title =       {The AP-1 site and MMP gene regulation: what is all the fuss about?},
  journal =     {Matrix Biology},
  year =        {1997},
  volume =      {15},
  pages =       {519-526},
}

@Article{benson:2004a,
   author = {D.A. Benson and I. Karsch-Mizrachi and D.J. Lipman and J. Ostella nd D.L. Wheeler},
    title = {GenBank: update},
  journal = {Nucleic Acids Research},
     year = {2003},
   volume = {32},
    pages = {D23--D26},
}

@Article{berezikov:2004a,
  author =		 {E. Berezikov and V. Guryev and R. H. A. Plasterk and E. Cuppen},
  title =		 {CONREAL: conserved regulatory elements anchored alignment algorithm for identification of transcription factor binding sites by phylogenetic footprinting},
  journal =		 {Genome Research},
  year =                 2004,
  volume =		 14,
  pages =		 {170--178},
}

@Article{beyer:1985a,
   author = {W.A. Beyer and P.H. Sellers and M.S. Waterman},
    title = {Stanislaw M. Ulam's contributions to theoretical theory},
  journal = {Letters in Mathematical Physics},
     year = {1985},
   volume = {10},
    pages = {231--242},
}

@Article{birney:1997a,
  author =      {E. Birney and R. Durbin},
  title =       {Dynamite: a flexible code generating language for dynamic
                 programming methods used in sequence comparison},
  journal =     {Proceedings Intell. Syst. Mol. Bio.},
  year =        1997,
  volume =      5,
  pages =       {56--64},
}

@Article{birney:2004a,
   author = {E. Birney and D. Andrews and P. Bevan and M. Caccamo and G. Cameron and Y. Chen and L. Clarke and G. Coates and T. Cox and J. Cuff and V. Curwen and T. Cutts and T. Down and R. Durbin and E. Eyras and others},
    title = {{\textsc{Ensembl} 2004.}},
  journal = {Nucleic Acids Res},
     year = {2004},
   volume = {32},
    pages = {D468--70},
}

@Article{blanchette:2002a,
  author =		 {M. Blanchette and M. Tompa},
  title =		 {Discovery of regulatory elements by a computational method for phylogenetic footprinting},
  journal =		 {Genome Research},
  year =                 2002,
  volume =		 12,
  pages =		 {739--748},
}

@InBook{blanco:2003a,
     author = {E. Blanco and G. Parra and R. Guig{\'o}},
    chapter = {{``Using \texttt{geneid} to Identify Genes.''}},
     editor = {A. D. Baxevanis and D. B. Davison},
      title = {{Current Protocols in Bioinformatics.}},
     volume = {1},
       year = {2003},
  publisher = {John Wiley \& Sons Inc.},
    address = {New York, USA},
       isbn = {0-471-25093-7}
}

@InBook{blanco:2005a,
     author = {E. Blanco and R. Guig{\'o}},
    chapter = {{``Predictive Methods using DNA Sequences''}},
      pages = {115--142}, 
     editor = {A.D. Baxevanis and B.F.F. Oullette},
      title = {Bioinformatics: A Practical Guide to the Analysis of Genes and Proteins.},
  publisher = {John Wiley \& Sons Inc., New York, USA},
       year = {2005},
       isbn = {0-471-47878-4}
}

@Article{blanco:2006a,
   author = {E. Blanco and D. Farre and M. Alba and X. Messeguer and R. Guig\'o},
    title = {{ABS}: a database of Annotated regulatory Binding Sites from orthologous promoters},
  journal = {Nucleic Acids Research},
     year = {2006},
   volume = {34},
    pages = {D63--D67},
}

@Article{blanco:2006b,
   author = {E. Blanco and X. Messeguer and T.F. Smith and R. Guig\'o},
    title = {Transcription Factor Map Alignments of Promoter Regions},
  journal = {PLoS Computational Biology},
     year = {2006},
   volume = {2},
    pages = {e49},
}

@Article{bogusky:1998a,
   author = {M. Bogusky},
    title = {Bioinformatics - a new era},
  journal = {Trends in genetics (trends guide to bioinformatics)},
     year = {1998},
   volume = {},
    pages = {1--3},
}

@Article{borodovsky:1993a,
  author =		 {M. Borodovsky and J. McIninch},
  title =		 {{GenMark}: Parallel gene recognition for both {DNA}
                  strands},
  journal =		 {Computer and Chemistry},
  year =		 1993,
  volume =		 17,
  pages =		 {123--134}
}

@Article{bray:2004a,
  author =      {N. Bray and L. Patcher},
  title =       {MAVID: constrained ancestral alignment of multiple sequences},
  journal =     {Genome Research},
  year =        2004,
  volume =      14,
  pages =       {693-699},
}

@Article{brazma:1998a,
   author = {A. Brazma and I. Jonassen and I. Eidhammer and D. Gilbert},
    title = {Approaches to the automatic discovery of patterns in biosequences},
  journal = {Journal of Computational Biology},
     year = {1998},
   volume = {5},
    pages = {279--305},
}

@Article{brent:2004a,
   author = {M.R. Brent and R. Guig{\'o}},
    title = {Recent advances in gene structure prediction},
  journal = {Current Opinion in Structural Biology},
     year = {2004},
   volume = {14},
    pages = {264--272},
}

@Article{brent:2005a,
   author = {M.R. Brent},
    title = {Genome annotation past, present, and future: how to define an ORF at each locus},
  journal = {Genome Research},
     year = {2005},
   volume = {15},
    pages = {1777--1786},
}

@Book{brown:1999a,
     author = {T.A. Brown},
      title = {Genomes},
  publisher = {BIOS Scientific Publishers, Oxford, UK},
       year = 2002,
    edition = {Second},
       isbn = {1-85996-029-4}
}

@Article{brudno:2003a,
  author =      {M. Brudno and B.D. Chuong and G.M. Cooper and M.F. Kim and
                 E. Davydov and NISC CSP and E.D. Green and A. Sidow and S. Batzoglou},
  title =       {LAGAN and Multi-LAGAN: efficient tools for large-scale multiple alignment of genomic DNA},
  journal =     {Genome Research},
  year =        2003,
  volume =      13,
  pages =       {721-731},
}

@Article{brudno:2004a,
  author =      {M. Brudno and S. Malde and A. Poliakov and B.D. Chuong
                 and O. Couronne and I. Dubchak and S. Batzoglou},
  title =       {Glocal alignment: finding rearrangements during alignment},
  journal =     {Bioinformatics},
  year =        2004,
  volume =      19,
  pages =       {i54-i62},
}

@Article{bucher:1990a,
  author =      {P. Bucher},
  title =       {Weight matrix descriptions of four eukaryotic {RNA polymerase II}            
                 promoter elements derived from 502 unrelated promoter sequences},
  journal =     {Journal of Molecular Biology},
  year =        1990,
  volume =      212,
  pages =       {563-578},
}

@Article{burge:1997a,
  author =		 {C. B. Burge and S. Karlin},
  title =		 {Prediction of complete gene structures in human
                  genomic {DNA}},
  journal =		 {Journal of Molecular Biology},
  year =		 1997,
  volume =		 268,
  pages =		 {78--94}
}

@Article{burset:1996a,
   author = {M. Burset and R. Guig\'o},
    title = {Evaluation of gene structure prediction programs},
  journal = {Genomics},
     year = {1996},
   volume = {34},
    pages = {353--67},
}

@Article{burset:2000a,
   author = {M. Burset and I.A. Seledtsov and V.V. Solovyev},
    title = {{Analysis of canonical and non-canonical splice sites in mammalian genomes.}},
  journal = {Nucleic Acids Research},
     year = {2000},
   volume = {28},
    pages = {4364--4375},
}

@Article{carrillo:1988a,
   author = {H. Carrillo and D. Lipmann},
    title = {The multiple sequence alignment problem in biology},
  journal = {SIAM Journal of Applied Mathematics},
     year = {1988},
   volume = {48},
    pages = {1073--1082},
}

@Article{castellano:2001a,
  author  = {S. Castellano and N. Morozova and M. Morey and M.J. Berry and F. Serras and M. Corominas and R. Guig{\'o}},
  title   = {In silico identification of novel selenoproteins in the Drosophila melanogaster genome},
  journal = {EMBO Reports},
  volume  = 2,
  pages   = {697--702},
  year    = {2001}
}

@Article{castellano:2004a,
  author  =  {S. Castellano and S.V. Novoselov and G.V. Kryukov and A. Lescure and E. Blanco and A. Krol and V.N. Gladyshev and R. Guig{\'o}},
  title   =  {Reconsidering the evolution of eukaryotic selenoproteins: a novel nonmammalian family with scattered phylogenetic distribution},
  journal = {EMBO Reports},
  volume  = 5,
  pages   = {71--77},
  year    = {2004}
}


@Article{claverie:2000a,
   author = {J.M. Claverie},
    title = {From bioinformatics to computational biology},
  journal = {Genome Research},
     year = {2000},
   volume = {10},
    pages = {1277--1279},
}

@Article{collins:2001a,
   author = {F.S. Collins and V.A. McKusick},
    title = {Implications of the human genome project for medical science},
  journal = {Journal of the American Medical Association},
     year = {2001},
   volume = {285},
    pages = {540--544},
}

@Article{collins:2003a,
   author = {F.S. Collins and E.D. Green and A.E. Guttmacher and M.S. Guyer},
    title = {A vision for the future of genomics research},
  journal = {Nature},
     year = {2003},
   volume = {422},
    pages = {1--13},
}

@Book{cormen:2001a,
     author = {T.H. Cormen and C.E. Leiserson and R.L. Rivest and C. Stein},
      title = {Introduction to Algorithms},
  publisher = {MIT Press and McGraw-Hill},
       year = 2001,
    edition = {Second},
       isbn = {0-2620-3293-7},
}

@Article{costa:1989a,
  author =		 {R. H. Costa and D. R. Grayson and J. E. Darnell},
  title =		 {Multiple hepatocyte-enriched nuclear factors function in the regulation of Transthyretinand $\alpha$1.Antitrypsin genes},
  journal =		 {Molecular and Cellular Biology},
  year =         1989,
  volume =		 9,
  pages =		 {1415--1425},
}

@Article{cuadrado:2001a,
   author = {M. Cuadrado and M. Sacristan and F. Antequera},
    title = {Species-specific organization of CpG island promoters at mammalian homologous genes},
  journal = {EMBO reports},
     year = {2001},
   volume = {21},
    pages = {586--592},
}

@Article{darling:2004a,
  author =      {A.C.E. Darling and B. Mau and F.R. Blattner and N.T. Perna},
  title =       {Mauve: multiple alignment of conserved genomic sequence with rearrangements},
  journal =     {Genome Research},
  year =        2004,
  volume =      14,
  pages =       {1394-1403},
}


@Article{davidson:2002a,
   author = {E.H. Davidson and J.P. Rast and P. Oliveri and A. Ransick and C. Calestani and C. Yuh and T. Minokawa and G. Amore and V. Hinman and C. Arenas-Mena and O. Otim and C.T. Brown and C.B. Livi and P.Y. Lee and R. Revilla and A.G. Rust and Z. Pan and M.J. Schilstra and P.J.C. Clarke and M.I. Arnone and L.Rowen and R.A. Cameron and D.R. McClay and L. Hood and H. Bolouri},
    title = {A Genomic Regulatory Network for Development},
  journal = {Science},
     year = {2002},
   volume = {295},
    pages = {1669--1678},
}

@Article{davuluri:2001a,
   author = {R. Davuluri and I. Grosse and M.Q. Zhang},
    title = {Computational identification of promoters and first exons in the human genome},
  journal = {Nature Genetics},
     year = {2001},
   volume = {29},
    pages = {412--417},
}

@Book{dayhoff:1965a,
     author = {M.O. Dayhoff and R.V. Eck and M.A. Chang and M.R. Sochard},
      title = {Atlas of protein sequence and structure},
  publisher = {National Biomedical Research Foundation, Silver Spring, Maryland},
       year = 1965,
    volume  = {1},
}

@Article{delcher:1999a,
  author =      {A.L. Delcher and S. Kasif and R.D. Fleischmann and
                 J. Peterson and O. White and S.L. Salzberg},
  title =       {Alignment of whole genomes},
  journal =     {Nucleic Acids Research},
  year =        1999,
  volume =      27,
  pages =       {2369-2376},
}

@Article{dermitzakis:2002a,
  author =		 {E. T. Dermitzakis and A. G. Clark},
  title =		 {Evolution of transcription factor binding sites in mammalian gene regulatory regions: conservation and turnover},
  journal =		 {Molecular Biology and Evolution},
  year =                 2002,
  volume =		 7,
  pages =		 {1114--1121},
}

@Article{dreyfus:2002a,
   author = {S. Dreyfus},
    title = {Richard Bellman on the birth of dynamic programming},
  journal = {Operations Research},
     year = {2002},
   volume = {50},
    pages = {48--51},
}

@Article{dong:1994a,
  author =      {S. Dong and D.B. Searls},
  title =       {Gene structure prediction by linguistic methods},
  journal =     {Genomics},
  year =        1994,
  volume =      23,
  pages =       {540-551}
}

@Article{dumas:1982a,
   author = {J. Dumas and J. Ninio},
    title = {Efficient algorithms for folding and comparing nucleic acid sequences},
  journal = {Nucleic Acids Research},
     year = {1982},
   volume = {10},
    pages = {197--206},
}

@Book{durbin:1998a,
     author = {R. Durbin and S. Eddy and A. Crogh and G. Mitchison},
      title = {Biological Sequence Analysis: Probabilistic Models of Protein and Nucleic Acids},
  publisher = {Cambridge University Press},
       year = 1998,
    edition = {First},
       isbn = {0-521-62971-3}
}

@Article{duret:1997a,
   author = {L. Duret and P. Bucher},
    title = {Searching for regulatory elements in human noncoding sequences},
  journal = {Current Opinion in Structural Biology},
     year = {1997},
   volume = {7},
    pages = {399--406},
}

@Article{encode:2004a,
   author = {{ENCODE Project Consortium}},
    title = {{The ENCODE (ENCyclopedia Of DNA Elements) Project.}},
  journal = {Science},
     year = {2004},
   volume = {306},
    pages = {636--40},
}

@Article{eppstein:1988a,
   author = {D. Eppstein and Z. Galil and R. Giancarlo},
    title = {Speeding up dynamic programming},
  journal = {IEEE Symposium on Foundations of Computer Science},
     year = {1988},
    pages = {488--496},
}

@Article{evans:1999a,
   author = {W.E. Evans and M.V. Relling},
    title = {Pharmacogenomics: translating functional genomics into rational therapeutics},
  journal = {Science},
     year = {1999},
   volume = {286},
    pages = {487--},
}

@Article{farre:2003a,
  author =      {D. Farre and R. Roset and M. Huerta and J. E. Adsuara and LL. Rosello and M. Alba and X. Messeguer},
  title =       {Identification of patterns in biological sequences at the {ALGGEN} server: {PROMO} and {MALGEN}},
  journal =     {Nucleic Acids Research},
  year =        2003,
  volume =      31,
  pages =       {3651-3653},
}

@Article{feng:1987a,
   author = {D. Feng and R.F. Doolittle},
    title = {Progressive sequence alignment as a prerequisite to correct phylogenetic trees},
  journal = {Journal of Molecular Evolution},
     year = {1987},
   volume = {25},
    pages = {351-360},
}

@Article{fickett:1992a,
  author =		 {J. W. Fickett and C.S. Tung},
  title =		 {Assessment of protein coding measures.},
  journal =		 {Nucleic Acids Research},
  year =         1992,
  volume =		 20,
  pages =        {6441--6450},
}

@Article{fickett:1997a,
  author =		 {J. W. Fickett and A. Hatzigeorgiou},
  title =		 {Eukaryotic promoter recognition},
  journal =		 {Genome Research},
  year =                 1997,
  volume =		 7,
  pages =                {861--878},
}

@Article{fickett:2000a,
  author =		 {J. W. Fickett and W.W. Wasserman},
  title =		 {Discovery and modeling of transcriptional regulatory regions},
  journal =		 {Current Opinion in Biotechnology},
  year =                 2000,
  volume =		 11,
  pages =                {19--24},
}

@Article{fields:1990a,
  author =      {C.A. Fields and C.A. Soderlund},
  title =       {gm: a practical tool for automating DNA sequence analysis},
  journal =     {CABIOS},
  volume =      6,
  pages =       {263--272},
  year =        {1990}
}

@Article{fitch:1967a,
   author = {W.M. Fitch and E. Margoliash},
    title = {Construction of phylogenetic trees},
  journal = {Science},
     year = {1967},
   volume = {155},
    pages = {279--284},
}

@Article{fitch:1983a,
   author = {W.M. Fitch and T.F. Smith},
    title = {Optimal sequence alignments},
  journal = {Proceedings of the National Academy of Sciences},
     year = {1983},
   volume = {80},
    pages = {1382--1386},
}

@Article{frech:1997a,
  author =		 {K. Frech and J. Danescu-Mayer and T. Werner},
  title =		 {A novel method to develop highly specific models for regulatory units detects a new {LTR} in GenBank which contains a functional promoter},
  journal =		 {Journal of Molecular Biology},
  year =         1997,
  volume =		 270,
  pages =		 {674--687},
}

@Article{frech:1993a,
   author = {K. Frech and G. Herrmann and T. Werner},
    title = {Computer-assisted prediction, classification, and delimitation of protein binding sites in nucleic acids},
  journal = {Nucleic Acids Research},
     year = {1993},
   volume = {21},
    pages = {1655--1664},
}


@Article{galas:1985a,
   author = {D.J. Galas and M. Eggert and M.S. Waterman},
    title = {Rigorous pattern-recognition methods for DNA sequences},
  journal = {Journal of Molecular Biology},
     year = {1985},
   volume = {186},
    pages = {117--128},
}

@Article{gelfand:1990a,
  author =      {M.S. Gelfand},
  title =       {Computer prediction of exon-intron structure of mammalian pre-mRNAs},
  journal =     {Nucleic Acids Research},
  volume =      18,
  pages =       {5865--5869},
  year =        {1990}
}

@Article{gelfand:1996a,
  author =      {M.S. Gelfand and A.A. Mironov and P.A. Pevner},
  title =       {Gene recognition via spliced sequence alignment},
  journal =     {Proceedings of the National Academy of Sciences},
  volume =      93,
  pages =       {9061--9066},
  year =        {1996}
}

@Article{gibbs:1970a,
   author = {A.J. Gibbs and G.A. McIntyre},
    title = {The diagram, a method for comparing sequences. Its use with amino acid and nucleotide sequences},
  journal = {European Journal of Biochemistry},
     year = {1970},
   volume = {16},
    pages = {1--11},
}

@Article{goad:1982a,
   author = {W.B. Goad and M.I. Kanehisa},
    title = {Pattern recognition in nucleic acid sequences I. A general method for finding local homologies and symmetries},
  journal = {Nucleic Acids Research},
     year = {1982},
   volume = {10},
    pages = {247--278},
}

@Article{goffeau:1996a,
   author = {A. Goffeau and B.G. Barrell and H. Bussey and R.W. Davis and BB. Dujon and H. Feldmann and F. Galibert and J.D. Hoheisel and C. Jacq and M. Johnston},
    title = {Life with 6000 genes},
  journal = {Science},
     year = {1996},
   volume = {274},
    pages = {546, 563--567},
}

@Article{golub:1999a,
  author =		 {T.R. Golub and others},
  title =		 {Molecular classification of cancer: class discovery and class prediction by gene expression monitoring},
  journal =		 {Science},
  year =                 1999,
  volume =		 286,
  pages =                {531--536},
}

@Article{gotoh:1982a,
   author = {O. Gotoh},
    title = {An improved algorithm for matching biological sequences},
  journal = {Journal of Molecular Biology},
     year = {1982},
   volume = {162},
    pages = {705--708},
}

@Article{goodman:2002a,
   author = {N. Goodman},
    title = {Biological data becomes computer literate: new advances in bioinformatics},
  journal = {Current Opinion in Biotechnology},
     year = {2002},
   volume = {13},
    pages = {68--71},
}

@Article{griffith:2005a,
  author =		 {O. L. Griffith and E. D. Pleasance and D. L. Fulton and M. Oveisi and M. Ester and A. Sidiqui and S. J. M. Jones},
  title =		 {Assessment and integration of publicly available {SAGE}, {cDNA} microarray, and oligonucleotide microarray expression data for global coexpression analyses},
  journal =		 {Genomics},
  year =         2005,
  volume = 86,
  pages =		 {476--488},
}

@Article{gross:2005a,
   author = {S.S. Gross and M.R. Brent},
    title = {Using multiple alignments to improve gene prediction},
  journal = {Proceedings of the 9th Annual International Conference, RECOMB 2005},
     year = {2005},
    pages = {374--388},
}

@Article{guigo:1992a,
   author = {R. Guig\'o and S. Knudsen and N. Drake and T. Smith},
    title = {Prediction of gene structure.},
  journal = {Journal of Molecular Biology},
     year = {1992},
   volume = {226},
    pages = {141--157},
}

@Article{guigo:1998a,
  author =      {R. Guig{\'o}},
  title =		 {Assembling genes from predicted exons in linear time
                  with dynamic programming},
  journal =		 {Journal of Computational Biology},
  volume =		 5,
  pages =		 {681--702},
  year =		 {1998}
}

@InBook{guigo:1999a,
     author = {R. Guig{\'o}},
    chapter = {{DNA Composition, Codon Usage and Exon Prediction.}},
      pages = {53--80},
     editor = {M. Bishop},
      title = {{Genetic Databases.}},
       year = {1999},
  publisher = {Academic Press},
    address = {San Diego, California, USA},
       isbn = {0-12-101625-0}
}

@Article{guigo:2000a,
  author =      {R. Guig{\'o} and P. Agarwal and J.F. Abril and M. Burset
                 and J.W. Fickett},
  title =       {An assessment of gene prediction accuracy in large DNA sequences},
  journal =     {Genome Research},
  volume =      10,
  pages =       {1631-1642},
  year =        {2000}
}

@Article{guigo:2003a,
  author =      {R. Guig{\'o} and E.T. Dermitzakis and P. Agarwal and
                 C.P. Ponting and G. Parra and A. Raymond and J.F Abril and
                 E. Keibler and R. Lyle and C. Ucla and S.E. Antonarakis and
                 M.R. Brent},
  title =       {Comparison of mouse and human genomes followed by experimental
                 verification yields an estimated 1,019 additional genes},
  journal =     {Proceedings of the National Academy of Sciences},
  volume =      100,
  pages =       {1140--1145},
  year =     {2003}
}

@InBook{gumbel:1962a,
     author = {E.J. Gumbel},
    chapter = {Statistical theory of extreme values},
      pages = {71}, 
     editor = {A.E. Sarhnan and B.G. Greenberg},
      title = {Contributions to order statistics.},
  publisher = {Wiley, New York, USA},
       year = {1962},
}

@Book{lamport:1994a,
     author = {L. Lamport},
      title = {\LaTeX\ A Document Preparation System.},
  publisher = {Addison Wesley},
    edition = {second},
       year = 1994,
       isbn = {0201529831}
}

@Article{halford:2004a,
   author = {S.E. Halford and J.F. Marko},
    title = {How do site-specific DNA-binding proteins find their targets?},
  journal = {Nucleic Acids Research},
     year = {2004},
   volume = {32},
    pages = {3040-3052},
}

@Article{hamming:1950a,
   author = {R.W. Hamming},
    title = {},
  journal = {Journal of Bell Systems Technology},
     year = {1950},
   volume = {26},
    pages = {147},
}

@Article{harbison:2004a,
  author =      {C.T. Harbison and D.B. Gordon and T.I. Lee and N.J. Rinaldi and K.D. MacIsaac and T.W. Danford and N.M. Hannet and J. Tagne and D.B. Reynolds and J. YOO and E.G. Jennings and J. Zeitlinger and D.K. Pokholok and M. Kellis and P.A. Rolfe and K.T. Takusagawa and E.S. Lander and D.K. Gifford and E. Fraenkel and R. A. Young},
  title =       {Transcriptional regulatory code of a eukaryotic genome},
  journal =     {Nature},
  year =        2004,
  volume =      431,
  pages =       {99--104},
}

@Article{haussler:1998a,
  author =		 {D. Haussler},
  title =		 {Computational genefinding},
  journal =		 {Trends in Genetics (Trends guide to bioinformatics)},
  year =                 1998,
  pages =                {12--15},
}

@Article{hillier:2004a,
   author = {L.W. Hillier and W. Miller and E. Birney and W. Warren and R.C. Hardison and C.P. Ponting and P. Bork and D.W. Burt and M.A. Groenen and M.E. Delany and J.B. Dodgson and G. Fingerprint Map Sequence And Assembly and A.T. Chinwalla and P.F. Cliften and S.W. Clifton and others {(International Chicken Genome Sequencing Consortium, ICGSC)}},
    title = {Sequence and comparative analysis of the chicken genome provide unique perspectives on vertebrate evolution.},
  journal = {Nature},
     year = {2004},
   volume = {432},
    pages = {695--716},
}

@Article{hirschberg:1975a,
   author = {D.S. Hirschberg},
    title = {A linear space algorithm for computing longest common sequences},
  journal = {Communications of the ACM},
     year = {1975},
   volume = {18},
    pages = {341--343},
}

@Article{howe:2002a,
  author =      {K.L. Howe and T. Chothia and R. Durbin},
  title =        {GAZE: a generic framework for the integration of
                  gene-prediction data by dynamic programming},
  journal =     {Genome Research},
  year =        2002,
  volume =      12,
  pages =       {1418--1427},
}

@Article{huang:1992a,
  author  = {X. Huang and M. S. Waterman},
  title   = {Dynamic programming algorithms for restriction map comparison},
  journal = {Bioinformatics},
  year    = 1992,
  volume  = 8,
  pages   = {511-520},
}

@Article{ihgsc:2004a,
   author = {{International Human Genome Sequencing Consortium, IHGSC}},
    title = {Finishing the euchromatic sequence of the human genome},
  journal = {Nature},
     year = {2004},
   volume = {431},
    pages = {931--45},
}

@Article{ioshikhes:1999a,
   author = {I. Ioshikhes and E. Trifonov and M.Q. Zhang},
    title = {Periodical distribution of transcription factor sites in promoter regions and connection with chromatine structure},
  journal = {Proceedings of National Academy of Sciences},
     year = {1999},
   volume = {96},
    pages = {2891--2895},
}

@Article{jaillon:2004a,
  author  = {O. Jaillon and others},
  title   = {Genome duplication in the teleost fish \emph{Tetraodon nigroviridis} reveals the early vertebrate proto-karyotypeAnalysis of the draft sequence of the compact},
  journal = {Nature},
  year    = 2004,
  volume  = {431},
  pages   = {946--957},
}

@Article{jensen:2001a,
  author   = {R.A. Jensen},
  title    = {Orthologs and paralogs - we need to get it right},
  journal  = {Genome Biology},
  year     = 2001,
  volume   = 2,
  pages    = {1002},
}

@Article{jimenez:1999a,
  author =      {M.J. G. Jim\'enez and M. Balb\'in and J.M. L\'opez and J. Alv\'arez and T. Komori and C. L\'opez-Ot\'in},
  title =       {Collagenase 3 is a target of Cbfa1, a transcription factor of the {\emph runt} gene family involved in bone formation},
  journal =     {Molecular and Cellular Biology},
  year =        1999,
  volume =      19,
  pages =       {4431-4442},
}

@Article{johnsen:1998a,
  author =      {O. Johnsen and P. Murphy and H. Prydz and A.B. Kolsto},
  title =       {Interaction of the {CNC-bZIP} factor {TCF11/LCR-F1/Nrf1} with {MafG:} binding-site selection and regulation of transcription},
  journal =     {Nucleic Acids Research},
  year =        1998,
  volume =      26,
  pages =       {512-520},
}


@Article{karolchik:2003a,
   author = {D. Karolchik and R. Baertsch and M. Diekhans and T.S. Furey and A. Hinrichs and Y.T. Lu and K.M. Roskin and M. Schwartz and C.W. Sugnet and D.J. Thomas and R.J. Weber and D. Haussler and W.J. Kent},
    title = {The \textsc{UCSC Genome Browser} Database.},
  journal = {Nucleic Acids Res},
     year = {2003},
   volume = {31},
    pages = {51--54},
}

@Article{karlin:1990a,
   author = {S. Karlin and S.F. Altschul},
    title = {Methods for assessing the statistical significance of molecular sequence features by using general scoring schemes},
  journal = {Proceedings of the National Academy of Sciences},
     year = {1990},
   volume = {87},
    pages = {2264--2268},
}

@Article{kim:2003a,
   author = {J.T. Kim and T. Martinetz and D. Polanti},
    title = {Bioinformatic principles underlying the information content of transcription factor binding sites},
  journal = {Journal of Theoretical Biology},
     year = {2003},
   volume = {220},
    pages = {529--544},
}

@Article{kitano:2002a,
   author = {H. Kitano},
    title = {Systems biology: a brief overview},
  journal = {Science},
     year = {2002},
   volume = {295},
    pages = {1662--1664},
}

@Article{klingenhoff:1999a,
  author =      {A. Klingenhoff and K. Frech and K. Quandt and T. Werner},
  title =       {Functional promoter modules can be detected by formal models independent of overall nucleotide sequence similarity},
  journal =     {Bioinformatics},
  year =        1999,
  volume =      15,
  pages =       {180--186},
}

@Article{knight:1995a,
  author =      {J. R. Knight and E. W. Myers},
  title =       {Super-pattern matching},
  journal =     {Algorithmica},
  year =        1995,
  volume =      13,
  pages =       {211--243},
}

@Article{knudsen:1999a,
  author =      {S. Knudsen},
  title =       {Promoter 2.0: for the recognition of Pol II promoter sequences},
  journal =     {Bioinformatics},
  year =        1999,
  volume =      15,
  pages =       {356--361},
}


@Article{korf:2001a,
  author =      {I. Korf and P. Flicek},
  title =       {Integrating genomic homology into gene structure prediction},
  journal =     {Bioinformatics},
  year =        2001,
  volume =      17,
  pages =       {S140-S148},
}

@Article{korf:2003a,
  author  = {I. Korf},
  title   = {Serial BLAST searching},
  journal = {Bioinformatics},
  year    = 2003,
  volume  = 19,
  pages   = {1492--1496},
}

@Article{kornblihtt:2005a,
  author  = {A.R. Kornblihtt},
  title   = {Promoter usage and alternative splicing},
  journal = {Current Opinion in Cell Biology},
  year    = 2005,
  volume  = 17,
  pages   = {262--268},
}


@Article{krivan:2001a,
  author =      {W. Krivan and W. W. Wasserman},
  title =       {A predictive model for regulatory sequences detecting liver-specific transcription},
  journal =     {Genome Research},
  year =        2001,
  volume =      11,
  pages =       {1559--1566},
}

@Article{krogh:1997a,
  author =      {A. Krogh},
  title =       {Two methods for improving performance of an HMM and their
                 application for gene-finding},
  journal =     {Proceedings Intell. Syst. Mol. Bio.},
  year =        1997,
  pages =       {179--186},
}

@Article{kryukov:2003a,
  author =      {G.V. Kryukov and S. Castellano and S.V Novoselov and A.V. Lobanov and O. Zehtab and R. Guig{\'o} and V.N. Gladyshev},
  title =       {Characterization of mammalian selenoproteomes},
  journal =     {Science},
  year =        2003,
  volume =      300,
  pages =       {1439--1443},
}


@Article{kulikova:2004a,
   author = {T. Kulikova and P. Aldebert and N. Althorpe and W. Baker and K. Bates and P. Browne and A. van den Broek and G. Cochrane and K. Duggan and R. Eberhardt and others},
    title = {The {EMBL} nucleotide sequence database},
  journal = {Nucleic Acids Research},
     year = {2004},
   volume = {32},
    pages = {D27--D30},
}

@Article{kulp:1996a,
  author =      {D. Kulp and D. Haussler and M.G. Reese and F.H. Eeckman},
  title =       {A generalized Hidden Markov Model for the recognition of
                 human genes in DNA},
  journal =     {Proceedings Intell. Syst. Mol. Bio.},
  year =        1996,
  volume =      4,
  pages =       {134--142},
}

@Article{hess:2001a,
  author =      {J. Hess and D. Porte and C. Munz and P. Angel},
  title =       {AP-1 and Cbfa/Runt physically interact and regulate parathyroid hormone-dependent MMP13 expression in osteoblasts through a new osteoblast-specific element 2/AP1 composite element},
  journal =     {The Journal of Biological Chemistry},
  year =        2001,
  volume =      276,
  pages =       {20029-20038},
}

@Article{ladd:2002a,
   author = {A.N. Ladd and T.A. Cooper},
    title = {Finding signals that regulate alternative splicing in the post-genomic era},
  journal = {Genome Biology},
     year = {2002},
   volume = {3},
    pages = {reviews0008},
}

@Article{lander:2000a,
   author = {E.S. Lander and R.A. Weinberg},
    title = {Genomics: journey to the center of biology},
  journal = {Science},
     year = {2000},
   volume = {287},
    pages = {1777--1782},
}

@Article{lander:2001a,
   author = {E.S. Lander and L.M. Linton and B. Birren and C. Nusbaum and M.C. Zody and J. Baldwin and K. Devon and K. Dewar and M. Doyle and W. FitzHugh and R. Funke and D. Gage and K. Harris and A. Heaford and J. Howland and others {(International Human Genome Sequencing Consortium, IHGSC)}},
    title = {Initial sequencing and analysis of the human genome},
  journal = {Nature},
     year = {2001},
   volume = {409},
    pages = {860--921},
}

@Article{lawrence:1993a,
  author =      {C. E. Lawrence and S. F. Altschul and M. S. Boguski and J. S. Liu and A. F. Neuwald and J. C Wootton},
  title =       {Detecting subtle sequence signals: a Gibbs sampling strategy for multiple alignment},
  journal =     {Science},
  year =        1993,
  volume =      262,
  pages =       {208-214},
}

@Article{lenhard:2003a,
  author =      {B. Lenhard and A. Sandelin and L. Mendoza and P. Engstrom and N. Jareborg and W. W. Wasserman},
  title =       {Identification of conserved regulatory elements by comprative genome analysis},
  journal =     {Journal of Biology},
  year =        2003,
  volume =      2,
  pages =       {13},
}

@Article{levine:2003a,
  author =      {M. Levine and R. Tijan},
  title =       {Transcriptional regulation and animal diversity},
  journal =     {Nature},
  year =        2003,
  volume =      424,
  pages =       {147--151},
}

@Article{levhenshtein:1966a,
   author = {V.I. Levhenshtein},
    title = {Binary codes capable of correcting deletions, insertions, and reversals},
  journal = {Cybernetics and Control Theory},
     year = {1966},
   volume = {10},
    pages = {707--710},
}

@Article{lipman:1985a,
   author = {D.J. Lipman and W.R. Pearson},
    title = {Rapid and sensitive protein similarity searches},
  journal = {Science},
     year = {1985},
   volume = {227},
    pages = {1435--1441},
}

@Book{lodish:2000a,
     author = {H. Lodish and A. Berk and L. Zipursky and P. Matsudaira and D. Baltimore and J. Darnell},
      title = {Molecular Cell Biology},
  publisher = {W.H. Freeman},
       year = 2000,
    edition = {Fourth},
       isbn = {0-7167-3706-X}
}

@Article{low:1996a,
   author = {S.C. Low and M.J. Berry},
    title = {Knowing when not to stop: selenocysteine incorporation in eukaryotes},
  journal = {Trends in Biochemical Sciences},
     year = {1996},
   volume = {21},
    pages = {203--208},
}

@Article{marino:2004a,
  author =		 {L. Marino-Ramirez and J.L. Spouge and G.C. Kanga and D. Landsman},
  title =		 {Statistical analysis of over-represented words in human promoter sequences},
  journal =		 {Nucleic Acids Research},
  year =                 2004,
  volume =               32,
  pages =                {949--958},
}

@Article{matys:2003a,
  author =      {V. Matys and others},
  title =       {{TRANSFAC}: transcriptional regulation, from patterns to profiles},
  journal =     {Nucleic Acids Research},
  year =        2003,
  volume =      31,
  pages =       {374-378},
}

@Article{matys:2006a,
  author =      {V. Matys and others},
  title =       {{TRANSFAC} and its module {TRANSCompel}: transcriptional gene regulation in eukaryotes},
  journal =     {Nucleic Acids Research},
  year =        2006,
  volume =      34,
  pages =       {D108-D110},
}


@Book{meidanis:1997a,
     author = {J. Meidanis and J.C. Setubal},
      title = {Introduction to computational molecular biology},
  publisher = {PWS Publishing Company, Boston},
       year = 1997,
    edition = {first},
       isbn = {0-534-95262-3 }
}

@Article{meyer:2002a,
  author =      {I.M. Meyer and R. Durbin},
  title =       {Comparative ab initio prediction of gene 
                 structures using pair HMMs},
  journal =     {Bioinformatics},
  year =        2002,
  volume =      18,
  pages =       {1309--1318},
}

@Article{miller:1988a,
   author = {W. Miller and E.W. Myers},
    title = {Sequence comparison with concave weighting functions},
  journal = {Bulletin of Mathematical Biology},
     year = {1988},
   volume = {50},
    pages = {97--120},
}

@Article{miller:1990a,
   author = {W. Miller and J. Ostell and K.E. Rudd},
    title = {An algorithm for searching restriction maps},
  journal = {CABIOS},
     year = {1990},
   volume = {3},
    pages = {247--252},
}

@Article{miller:1991a,
  author =      {W. Miller and J. Barr and K.E. Rudd.},
  title =       {Improved algorithms for searching restriction maps},
  journal =     {CABIOS},
  year =        1991,
  volume =      7,
  pages =       {447--456},
}

@Article{myers:1988a,
  author =      {E.W. Myers and W. Miller},
  title =       {Optimal alignments in linear space},
  journal =     {CABIOS},
  year =        1988,
  volume =      4,
  pages =       {11--17},
}

@Article{myers:1991a,
   author = {E.W. Myers},
    title = {An overview of sequence comparison algorithms in molecular biology},
  journal = {Technical report TR 91-29, University of Arizona, Tucson, Department of Computer Science},
     year = {1991},
    pages = {1--25},
}

@Article{myers:1992a,
  author =      {E.W. Myers and X. Huang},
  title =       {An $O(N^2 log N)$ restriction map comparison and search algorithm},
  journal =     {Bull. Math. Biol.},
  year =        1992,
  volume =      54,
  pages =       {599-618},
}

@Book{mount:2001a,
     author = {D.W. Mount},
      title = {Bioinformatics: sequence and genome analysis},
  publisher = {Cold Spring Harbor Laboratory Press},
       year = 2001,
    edition = {First},
       isbn = {0-87969-608-7}
}

@InBook{mullikin:2005a,
     author = {J.C. Mullikin and S.T. Sherry},
    chapter = {{``Sequence polymorphisms''}},
      pages = {171--193}, 
     editor = {A.D. Baxevanis and B.F.F. Oullette},
      title = {Bioinformatics: A Practical Guide to the Analysis of Genes and Proteins.},
  publisher = {John Wiley \& Sons Inc., New York, USA},
       year = {2005},
       isbn = {0-471-47878-4}
}

@Article{needleman:1970a,
  author =      {S. B. Needleman and C. D. Wunsch},
  title =       {A general method to search for similarities in the amino acid sequence of two proteins},
  journal =     {Journal of molecular biology},
  year =        1970,
  volume =      48,
  pages =       {443--453},
}

@Article{nix:2005a,
  author =      {D.A. Nix and M.B. Eisen},
  title =       {GATA: a graphic alignment tool for comparative sequence analysis},
  journal =     {BMC Bioinformatics},
  year =        2005,
  volume =      6,
  pages =       {9},
}

@Article{ohler:2000a,
  author =		 {U. Ohler},
  title =		 {Promoter prediction on a genomic scale - the {Adh} experience},
  journal =		 {Genome research},
  year =         2000,
  volume =		 10,
  pages =		 {539--542},
}

@Article{odom:2004a,
  author =		 {D.T. Odom and N. Zizlsperger and D.B. Gordon and G.W. Bell and N.J. Rinaldi and H.L. Murray and T.L. Volkert and J. Schreiber and P.A. Rolfe andD.K. Gifford and E. Fraenkel and G.I. Bell and R.A. Young},
  title =		 {Control of pancreas and liver gene expression by HNF transcription factors},
  journal =		 {Science},
  year =         2004,
  volume =		 303,
  pages =		 {1378--1381},
}

@Article{olson:2002a,
   author = {S.A. Olson},
    title = {{\texttt{EMBOSS} opens up sequence analysis. European Molecular Biology Open Software Suite.}},
  journal = {Briefings in Bioinformatics},
     year = {2002},
   volume = {3},
    pages = {87--91},
}

@Article{osada:2004,
  author =      {R. Osada and E. Zaslavsky and M. Singh},
  title =       {Comparative analysis of methods for representing and searching for transcription factor binding sites},
  journal =     {Bioinformatics},
  year =        2004,
  volume =      18,
  pages =       {3516--3525},
}

@Article{ouzounis:2003,
  author =      {C.A. Ouzounis and A. Valencia},
  title =       {Early bioinformatics: the birth of a discipline -- a personal view},
  journal =     {Bioinformatics},
  year =        2003,
  volume =      19,
  pages =       {2176--2190},
}

@Article{parra:2000a,
  author =      {G. Parra and E. Blanco and R. Guig{\'o}},
  title =       {GeneID in Drosophila},
  journal =		 {Genome Research},
  year =        2000,
  volume =      10,
  pages =       {511--515},
}

@Article{parra:2003a,
   author = {G. Parra and P. Agarwal and J.F. Abril and T. Wiehe and J.W. Fickett and R. Guig\'o},
    title = {Comparative gene prediction in human and mouse.},
  journal = {Genome Research},
     year = {2003},
   volume = {13},
    pages = {108--117},
}

@Article{passarge:1999a,
  author =		 {E. Passarge and B. Horsthemke and R.A. Farber},
  title =		 {Incorrect use of the term synteny},
  journal =		 {Nature Genetics},
  year =                 1999,
  volume =		 23,
  pages =		 {387},
}

@Article{pearson:1988a,
   author = {W.R. Pearson and D.J. Lipman},
    title = {{Improved tools for biological sequence comparison.}},
  journal = {Proceedings of the National Academy of Sciences},
     year = {1988},
   volume = {85},
    pages = {2444--2448},
}

@Article{pearson:2001a,
   author = {W.R. Pearson},
    title = {Training for bioinformatics and computational biology},
  journal = {Bioinformatics},
     year = {2001},
   volume = {17},
    pages = {761--762},
}

@Article{pedersen:1998a,
  author =      {A. G. Pedersen and P. Baldi and Y. Chauvin and S. Brunak},
  title =       {DNA structure in human RNA polymerase II promoters},
  journal =     {Journal of Molecular Biology},
  year =        1998,
  volume =      281,
  pages =       {663--673},
}

@Article{pedersen:1999a,
  author =      {A. G. Pedersen and P. Baldi and Y. Chauvin and S. Brunak},
  title =       {The biology of eukaryotic promoter prediction - a review},
  journal =     {Computers and Chemistry},
  year =        1999,
  volume =      23,
  pages =       {191--207},
}

@Article{pendas:1997a,
  author =      {A.M. Pend\'as and M. Balb\'in and E. Llano and M.G. Jim\'enez and C. L\'opez-Ot\'in},
  title =       {Structural analysis and promoter characterization of the human collagenase-3 gene (MMP13)},
  journal =     {Genomics},
  year =        1997,
  volume =      40,
  pages =       {222-233},
}

@Article{pennacchio:2001a,
   author = {L.A. Pennacchio and E.M. Rubin},
    title = {{Genomic strategies to identify mammalian regulatory sequences.}},
  journal = {Nature Reviews Genetics},
     year = {2001},
   volume = {2},
    pages = {100--109},
}

@Article{pennisi:2003a,
   author = {E. Pennisi},
    title = {{Bioinformatics. Gene counters struggle to get the right answer.}},
  journal = {Science},
     year = {2003},
   volume = {301},
    pages = {1040--1041},
}

@Article{perier:2000a,
  author =      {R. C. Perier and others},
  title =       {The Eukaryotic Promoter Database {(EPD)}},
  journal =     {Nucleic Acids Research},
  year =        2000,
  volume =      28,
  pages =       {302-303},
}


@Article{pertsemlidis:2001a,
  author =      {A. Pertsemlidis and J.W. Fondon},
  title =       {Having a BLAST with bioinformatics (and avoiding BLASTphemy)},
  journal =     {Genome Biology},
  year =        2001,
  volume =      2,
  pages =       {2002},
}

@Article{prakash:2005a,
  author =      {A. Prakash and M. Tompa},
  title =       {Discovery of regulatory elements in vertebrates through comparative genomics},
  journal =     {Nature Biotechnology},
  year =        2005,
  volume =      23,
  pages =       {1249--1256},
}

@Article{pruitt:2005a,
   author = {K.D. Pruitt and T. Tatusova and D.R. Maglott},
    title = {{NCBI Reference Sequence (\textsc{RefSeq}): a curated non-redundant sequence database of genomes, transcripts and proteins.}},
  journal = {Nucleic Acids Research},
     year = {2005},
   volume = {33 Database Issue},
    pages = {D501--D504},
}

@InBook{quackenbush:2005a,
     author = {J. Quackenbush},
    chapter = {Using DNA microarrays to assay gene expression},
      pages = {409--444}, 
     editor = {A.D. Baxevanis and B.F.F. Oullette},
      title = {Bioinformatics: A Practical Guide to the Analysis of Genes and Proteins.},
  publisher = {John Wiley \& Sons Inc., New York, USA},
       year = {2005},
       isbn = {0-471-47878-4}
}

@Article{quandt:1995a,
   author = {K. Quandt and K. Frech and H. Karas and E. Wingender and T. Werner},
    title = {MatInd and MatInspector: new fast and versatile tools for the detection of consensus matches in nucleotide sequence data},
  journal = {Nucleic Acids Research},
     year = {1995},
   volume = {23},
    pages = {4878--4884},
}

@Article{quandt:1996a,
  author =      {K. Quandt and K. Grote and T. Werner},
  title =       {{GenomeInspector}: a new approach to detect correlation patterns of elements on genomic sequences},
  journal =     {CABIOS},
  year =        1996,
  volume =      12,
  pages =       {404--413},
}

@Article{rahmann:2003a,
  author =      {S. Rahmann and T. Muller and M. Vingron},
  title =       {On the power of profiles for transcription factor binding site detection},
  journal =     {Statistical Applications in Genetics and Molecular Biology},
  year =        2003,
  volume =      2,
  pages =       {7},
}

@Article{ray:1995a,
  author =      {D. Ray-Gallet and C. Mao and A. Tavitian and F. Moreau-Gachelin},
  title =       {{DNA} binding specificities of {Spi-1/PU.1} and {Spi-B} transcription factors and 
                 identification of a {Spi-1/Spi-B} binding site in the c-fes/c-fps promoter},
  journal =     {Oncogene},
  year =        1995,
  volume =      11,
  pages =       {303-313},
}


@Article{relogio:2005a,
   author = {A. Relogio and C. Ben-Dov and M. Baum and M. Ruggiu and C. Gemund and V. Benes and R.B. Darnell and J. Valcarcel},
    title = {Alternative Splicing Microarrays Reveal Functional Expression of Neuron-specific Regulators in Hodgkin Lymphoma Cells},
  journal = {Journal of Biology and Chemistry},
     year = {2005},
   volume = {280},
    pages = {4779--4784},
}

@Article{robertson:2006a,
  author =		 {A.G. Robertson and M. Bilenky and K. Lin and A. He and W.Yuen and others},
  title =		 {{cisRED}: a database system for genome-scale computational discovery of regulatory elements},
  journal =		 {Nucleic Acids Research},
  year =         2006,
  volume =       34,
  pages =        {D68--D73},
}

@Article{rogic:2001a,
   author = {S. Rogic and A.K. Mackworth and F.B. Ouellette},
    title = {Evaluation of gene-finding programs on mammalian sequences.},
  journal = {Genome Research},
     year = {2001},
   volume = {11},
    pages = {817--832},
}

@Article{roth:1998a,
   author = {F.R. Roth and J.D. Hughes and P.E. Estep and G.M. Church},
    title = {Finding DNA Regulatory Motifs within Unaligned Non-Coding Sequences Clustered by Whole-Genome mRNA Quantitation},
  journal = {Nature Biotechnology},
     year = {1998},
   volume = {16},
    pages = {939--945},
}

@Article{sadler:1983a,
   author = {J.R. Sadler and M.S. Waterman and T.F. Smith},
    title = {Regulatory pattern identification in nucleic acid sequences},
  journal = {Nucleic Acids Research},
     year = {1983},
   volume = {11},
    pages = {2221--2231},
}

@Article{saitou:1987a,
   author = {N. Saitou and M. Nei},
    title = {The neighbor-joining method: a new method for reconstructing phylogenetic trees},
  journal = {Molecular Biology and Evolution},
     year = {1987},
   volume = {4},
    pages = {406--425},
}

@Article{salamov:2000a,
  author =      {A.A. Salamov and V.V. Solovyev},
  title =		 {Ab initio gene finding in 
                  {{\it {D}rosophila melanogaster}}},
  journal =		 {Genome Research},
  year =		 2000,
  volume =		 10,
  pages =		 {516-522},
}

@Article{sandelin:2004a,
  author =      {A. Sandelin and W. Alkema and P. Engstrom and W. W. Wasserman and B. Lenhard},
  title =       {{JASPAR}: an open-access database for eukaryotic transcription factor binding profiles},
  journal =     {Nucleic Acids Research},
  year =        2004,
  volume =      32,
  pages =       {D91--D94},
}

@Article{sander:2000a,
   author = {C. Sander},
    title = {Genomic medicine and the future of health care},
  journal = {Science},
     year = {2000},
   volume = {287},
    pages = {1977--1978},
}

@Book{sankoff:1983a,
     author = {D. Sankoff and J.R. Kruskal},
      title = {Time warps, string edits, and macromolecules: The theory and practice of sequence comparison},
  publisher = {Addison-Wesley, Don Mills, Ontario},
       year = 1983,
       isbn = {1-57586-217-4}
}

@Article{schmitt:1991a,
   author = {W. Schmitt and M.S. Waterman},
    title = {Multiple solutions of DNA restriction mapping problems},
  journal = {Advances in Applied Mathematics},
     year = {1991},
   volume = {12},
    pages = {412--427},
}

@Article{schneider:1990a,
   author = {T.D. Schneider and R.M. Stephens},
    title = {Sequence logos: a new way to display consensus sequences},
  journal = {Nucleic Acids Research},
     year = {1990},
   volume = {18},
    pages = {6097--6100},
}

@Article{schones:2005a,
  author =      {D. E. Schones and P. Sumazin and M. Q. Zhang},
  title =       {Similarity of position frequency matrices for transcription factor binding sites},
  journal =     {Bioinformatics},
  year =        2005,
  volume =      21,
  pages =       {307-313},
}

@Article{searls:2000a,
   author = {D.B. Searls},
    title = {Using bioinformatics in gene and drug discovery},
  journal = {Drug Discovery Today},
     year = {2000},
   volume = {5},
    pages = {135--143},
}

@Article{searls:2005a,
   author = {D.B. Searls},
    title = {Data integration: challenges for drug discovery},
  journal = {Nature Reviews Drug Discovery},
     year = {2005},
   volume = {4},
    pages = {45--58},
}

@Article{sellers:1974a,
   author = {P. Sellers},
    title = {On the theory and computation of evolutionary distances},
  journal = {SIAM Journal of applied Mathematics},
     year = {1974},
   volume = {26},
    pages = {787--793},
}

@Article{sellers:1980a,
   author = {P. Sellers},
    title = {The theory and computation of evolutionary distances: pattern recognition},
  journal = {Journal of Algorithms},
     year = {1980},
   volume = {1},
    pages = {359--373},
}

@Article{sellers:1984a,
   author = {P. Sellers},
    title = {Pattern recognition in genetic sequences by mismatch density},
  journal = {Bulletin of Mathematical Biology},
     year = {1984},
   volume = {46},
    pages = {501--514},
}

@Article{sharan:2003a,
  author =      {R. Sharan and I. Ovcharenko and A. Ben-Hur and R. M. Karp},
  title =       {CREME: a framework for identifying cis-regulatory modules in human-mouse conserved segments},
  journal =     {Bioinformatics},
  year =        2003,
  volume =      19,
  pages =       {(Suppl. 1) i283--i291},
}

@Article{shoemaker:2001a,
  author =      {D.D. Shoemaker and others},
  title =       {Experimental annotation of the human genome using microarray technology},
  journal =     {Nature},
  year =        2001,
  volume =      409,
  pages =       {922--927},
}

@Article{smale:2003a,
  author =      {S.T. Smale and J.T. Kadonaga},
  title =       {The {RNA} polymerase {II} core promoter},
  journal =     {Annu. Rev. Biochem},
  year =        2003,
  volume =      72,
  pages =       {449--479},
}

@Article{smith:1981a,
   author = {T.F. Smith and M.S. Waterman},
    title = {Comparison of biosequences},
  journal = {Advances in Applied Mathematics},
     year = {1981},
   volume = {2},
    pages = {482--489},
}

@Article{smith:1981b,
   author = {T.F. Smith and M.S. Waterman and W.M. Fitch},
    title = {Comparative biosequence metrics},
  journal = {Journal of Molecular Evolution},
     year = {1981},
   volume = {18},
    pages = {38--46},
}

@Article{smith:1981c,
   author = {T.F. Smith and M.S. Waterman},
    title = {Identification of common molecular subsequences},
  journal = {Journal of Molecular Biology},
     year = {1981},
   volume = {147},
    pages = {195--197},
}

@Article{solovyev:1994a,
  author =      {V.V. Solovyev and A.A. Salamov},
  title =       {Predicting internal exons by oligonucleotide composition
                 and discriminant analysis of spliceable open reading frames},
  journal =     {Nucleic Acids Research},
  year =        1994,
  volume =      22,
  pages =       {5156--5163},
}

@Article{staden:1984a,
  author =      {R. Staden},
  title =       {Computer methods to locate signals in nucleic acid sequences},
  journal =     {Nucleic Acids Research},
  year =        1984,
  volume =      12,
  pages =       {505--519},
}

@Article{stein:2003a,
   author = {L.D Stein},
    title = {Integrating biological databases},
  journal = {Nature Reviews Genetics},
     year = {2003},
   volume = {4},
    pages = {337--345},
}

@Article{stormo:2000a,
  author =      {G.D. Stormo},
  title =       {Gene-finding approaches for eukaryotes},
  journal =     {Genome Research},
  year =        2000,
  volume =      10,
  pages =       {394--397},
}

@Article{stormo:2000b,
  author =      {G.D. Stormo},
  title =       {DNA binding sites: representation and discovery},
  journal =     {Bioinformatics},
  year =        2000,
  volume =      16,
  pages =       {16--23},
}

@Book{strachan:1999a,
     author = {T. Strachan and A.P. Read},
      title = {Human Molecular Genetics 2},
  publisher = {John Wiley \& Sons, Inc. (New York, USA)},
       year = 1999,
       isbn = {0471330612}
}

@Article{strausberg:2003a,
   author = {R.L. Strausberg and A.J.G. Simpson and R. Wooster},
    title = {Sequence-based cancer genomics: progress, lessons and opportunities},
  journal = {Nature Reviews Genetics},
     year = {2003},
   volume = {4},
    pages = {409--418},
}

@Article{sun:2000a,
  author =      {Y. Sun and J.M. Cheung and J. Martel-Pelletier and J.P. Pelletier and L. Wenger and R.D. Altman and D.S. Howell and H.S. Cheung},
  title =       {Wild type and mutant p53 differentially regulate the gene expression of human collagenase-3 ({\emph hMMP-13})},
  journal =     {The Journal of Biological Chemistry},
  year =        2000,
  volume =      275,
  pages =       {11327-11332},
}

@Article{suzuki:2004a,
   author = {Y. Suzuki and R. Yamashita and S. Sugano and K. Nakai},
    title = {DBTSS: DataBase of Transcriptional Start Sites: progress report 2004},
  journal = {Nucleic Acids Research},
     year = {2004},
   volume = {32},
    pages = {D78 -- D81},
}

@Article{tagle:1988a,
  author =      {D.A. Tagle and B.F. Koop and M. Goodman and J.L. Slightom and D.L. Hess},
  title =       {Embryonic $\epsilon$ and $\gamma$ globin genes of a prosimian primate, nucleotide and amino acid sequences, developmental regulation and phylogenetic footprints},
  journal =     {Journal of Molecular Biology},
  year =        1988,
  volume =      203,
  pages =       {439--455},
}

@Article{terai:2004a,
   author = {G. Terai and T. Takagi},
    title = {Predicting rules on organization of cis-regulatory elements, taking the order of elements into account},
  journal = {Bioinformatics},
     year = {2004},
   volume = {20},
    pages = {1119--1128},
}

@Article{tgoc:2000a,
   author = {{The Gene Ontology Consortium}},
    title = {Gene ontology: tool for the unification of biology},
  journal = {Nature Genetics},
     year = {2000},
   volume = {25},
    pages = {25--29},
}

@Article{tihc:2003a,
   author = {{The International HapMap Consortium}},
    title = {The international HapMap project},
  journal = {Nature},
     year = {2003},
   volume = {426},
    pages = {789--796},
}

@Article{thompson:1994a,
  author =      {J. D. Thompson and D. G. Higgins and T. J. Gibson},
  title =       {CLUSTALW: improving the sensitivity of progressive multiple sequence alignment through sequence weighting, position-specific gap penalties and weight matrix choice},
  journal =     {Nucleic Acids Research},
  year =        1994,
  volume =      22,
  pages =       {4673-4680},
}

@Article{thompson:2004a,
  author =      {W. Thompson and M.J. Palumbo andW.W. Wasserman and J.S. Liu and C.E. Lawrence},
  title =       {Decoding human regulatory circuits},
  journal =     {Genome Research},
  year =        2004,
  volume =      14,
  pages =       {1967--1974},
}

@Article{tompa:2005a,
  author =      {M. Tompa and others},
  title =       {Assessing computational tools for the discovery of transcription factor binding sites},
  journal =     {Nature Biotechnology},
  year =        2005,
  volume =      23,
  pages =       {137--144},
}

@Article{trinklein:2004a,
  author =      {N.D. Trinklein and S.F. Aldred and S.J. Hartman and D.I. Schroeder and R.P. Otillar and R.M. Myers},
  title =       {An abundance of bidirectional promoters in the human genome},
  journal =     {Genome Research},
  year =        2004,
  volume =      14,
  pages =       {62-66},
}

@Article{tyler:1991a,
  author =      {E.C. Tyler and M.R. Horton and P.R. Krause},
  title =       {A review of algorithms for molecular sequence comparison},
  journal =     {Computers and Biomedical Research},
  year =        1991,
  volume =      24,
  pages =       {72-96},
}

@Article{uberbacher:1991a,
  author =      {E.C. Uberbacher and R.J. Mural},
  title =       {Locating protein-coding regions in human DNA sequences
                 by a multiple sensor-neural network approach},
  journal =     {Proceedings of the National Academy of Sciences},
  year =        1991,
  volume =      88,
  pages =       {11261--11265},
}

@InBook{ulam:1972a,
     author = {S.M. Ulam},
    chapter = {},
      pages = {1--3}, 
     editor = {S.K. Zaremba},
      title = {Applications of number theory to numerical analysis.},
  publisher = {Academic Press, New York, USA},
       year = {1972},
}

@Article{various:1999a,
   author = {Various},
    title = {The chipping forecast (supplement)}
  journal = {Nature Genetics},
     year = {1999},
   volume = {21},
    pages = {1--60},
}

@Article{various:2001a,
   author = {Various},
    title = {Functional genomics (supplement)}
  journal = {Nature},
     year = {2001},
   volume = {405},
    pages = {820--865},
}

@Article{venter:2001a,
   author = {J.C. Venter and M.D. Adams and E.W. Myers and P.W. Li and R.J. Mural and G.G. Sutton and H.O. Smith and M. Yandell and C.A. Evans and R.A. Holt and J.D. Gocayne and P. Amanatides and R.M. Ballew and D.H. Huson and J.R. Wortman and others },
    title = {The sequence of the human genome},
  journal = {Science},
     year = {2001},
   volume = {291},
    pages = {1304--1351},
}

@Article{vidal:2003a,
  author =		 {A. Ureta-Vidal and L. Ettwiller and E. Birney},
  title =		 {Comparative genomics: genome-wide analysis in metazoan eukaryotes},
  journal =		 {Nature Reviews Genetics},
  year =                 2003,
  volume =		 4,
  pages =		 {251-262},
}

@Article{vlieghe:2006a,
  author =      {D. Vlieghe and A. Sandelin and P.J. De Bleser and K. Vleminckx and W.W. Wasserman and B. Lenhard},
  title =       {A new generation of {JASPAR}, the open-access repository for transcription factor binding site profiles},
  journal =     {Nucleic Acids Research},
  year =        2006,
  volume =      34,
  pages =       {D95-D97},
}

@Article{wang:1994a,
  author =      {L. Wang and T. Jiang},
  title =       {On the complexity of multiple sequence alignment},
  journal =     {Journal of Computational Biology},
  year =        1994,
  volume =      337,
  pages =       {337-348},
}

@Article{wasserman:1998a,
  author =		 {W. W. Wasserman and J. W. Fickett},
  title =		 {Identification of regulatory regions which confer muscle-specific gene expression},
  journal =		 {Journal of Molecular Biology},
  year =                 1998,
  volume =		 278,
  pages =		 {167--181},
}

@Article{wasserman:2000a,
  author =      {W.W. Wasserman and M. Palumbo and W. Thompson and J.W. Fickett and C.E. Lawrence},
  title =       {Human-mouse genome comparisons to locate regulatory sites},
  journal =     {Nature Genetics},
  year =        2000,
  volume =      26,
  pages =       {225--228},
}

@Article{wasserman:2004a,
  author =      {W.W. Wasserman and A. Sandelin},
  title =       {Applied bioinformatics for the identification of regulatory
elements},
  journal =     {Nature Reviews Genetics},
  year =        2004,
  volume =      5,
  pages =       {276--287},
}

@Article{waterman:1976a,
   author = {M.S. Waterman and T.F. Smith and W.A. Beyer},
    title = {Some biological sequence metrics},
  journal = {Advances in Mathematics},
     year = {1976},
   volume = {20},
    pages = {367--387},
}

@Article{waterman:1984a,
   author = {M.S. Waterman},
    title = {General methods of sequence comparison},
  journal = {Bulletin of mathematical biology},
     year = {1984},
   volume = {46},
    pages = {473--500},
}

@Article{waterman:1984b,
   author = {M.S. Waterman},
    title = {Efficient sequence alignment algorithms},
  journal = {Journal of Theoretical Biology},
     year = {1984},
   volume = {108},
    pages = {333--337},
}

@Article{waterman:1984c,
  author =      {M. S. Waterman and T. F. Smith and H. L. Katcher},
  title =       {Algorithms for restriction map comparisons},
  journal =     {Nucleic acids research},
  year =        1984,
  volume =      12,
  pages =       {237-242},
}

@Article{waterman:1984d,
   author = {M.S. Waterman and R. Arratia and D.J. Galas},
    title = {Pattern recognition in several sequences: consensus and alignment},
  journal = {Bulletin of Mathematical Biology},
     year = {1984},
   volume = {46},
    pages = {515--527},
}

@Article{waterman:1987a,
  author =      {M. S. Waterman and M. Eggert},
  title =       {A new algorithm for best subsequence alignments with application to tRNA-rRNA comparisons},
  journal =     {Journal of Molecular Biology},
  year =        1987,
  volume =      197,
  pages =       {723--728},
}

@InBook{waterman:1990a,
     author = {M.S. Waterman and J. Joyce and M. Eggert},
    chapter = {{``Computer alignment of sequences''}},
      pages = {59--72}, 
      title = {Phylogenetic Analysis of DNA Sequences},
  publisher = {Oxford University Press},
       year = {1990},
}

@Book{waterman:1995a,
     author = {M.S. Waterman},
      title = {Introduction to computational biology},
  publisher = {Chapman and Hall, UK},
       year = 1995,
       isbn = {0-412-99391-0}
}


@Article{waterston:2002a,
   author = {R.H. Waterston and K. Lindblad-Toh and E. Birney and J. Rogers and J.F. Abril and P. Agarwal and R. Agarwala and R. Ainscough and M. Alexandersson and P. An and S.E. Antonarakis and J. Attwood and R. Baertsch and J. Bailey and K. Barlow and others {(International Mouse Genome Sequencing Consortium, IMGSC)}},
    title = {{Initial sequencing and comparative analysis of the mouse genome.}},
  journal = {Nature},
     year = {2002},
   volume = {420},
    pages = {520--562},
}

@Article{werner:2000a,
  author =      {T. Werner},
  title =       {Identification and functional modelling of {DNA} sequence
                 elements of transcription},
  journal =     {Briefings in bioinformatics},
  year =        2000,
  volume =      1,
  pages =       {372--380},
}

@Article{wheeler:2005a,
   author = {D.L. Wheeler and T. Barrett and D.A. Benson and S.H. Bryant and K. Canese and D.M. Church and M. DiCuccio and R. Edgar and S. Federhen and W. Helmberg and D.L. Kenton and O. Khovayko and D.J. Lipman and T.L. Madden and D.R. Maglott and others},
    title = {Database resources of the National Center for Biotechnology Information.},
  journal = {Nucleic Acids Research},
     year = {2005},
   volume = {33 Database Issue},
    pages = {D39--45},
}

@Article{wiehe:2001a,
  author =      {T. Wiehe and S. Gebauer-Jung and
                 T. Mitchell-Olds and R. Guig{\'o}},
  title =       {SGP-1: Prediction and Validation of Homologous 
                 Genes Based on Sequence Alignments},
  journal =     {Genome Research},
  year =        2001,
  volume =      11,
  pages =       {1574--1583},
}

@InBook{white:2005a,
     author = {P.S. White and T.C. Matise},
    chapter = {{``Mapping Databases.''}},
      pages = {25--54}, 
     editor = {A.D. Baxevanis and B.F.F. Oullette},
      title = {Bioinformatics: A Practical Guide to the Analysis of Genes and Proteins.},
  publisher = {John Wiley \& Sons Inc., New York, USA},
       year = {2005},
       isbn = {0-471-47878-4}
}

@Article{wingender:1988a,
  author =      {E. Wingender},
  title =       {Compilation of transcription regulating proteins},
  journal =     {Nucleic Acids Research},
  year =        1988,
  volume =      16,
  pages =       {1879--1902},
}

@Article{wray:2003a,
  author =      {G.A. Wray and M.W. Hahn and E. Abouheif and J.P Balhoff and M. Pizer and M.V. Rockman and L.A. Romano},
  title =       {The evolution of transcriptional ragulation in eukaryotes},
  journal =     {Molecular Biology and Evolution},
  year =        2003,
  volume =      20,
  pages =       {1377--1419},
}

@Article{wu:2002a,
  author =      {N. Wu and S. Opalenik and J. Liu and E.D. Jansen and M.G. Giro and J.M. Davidson},
  title =       {Real-time visualization of MMP-13 promoter activity in transgenic mice},
  journal =     {Matrix Biology},
  year =        2002,
  volume =      21,
  pages =       {149-161},
}

@Article{xie:2005a,
  author =      {X. Xie and J. Lu and E.J. Kulbokas and T.R. Golub and V. Mootha and K. Lindblad-Toh and E. Lander and M. Kellis},
  title =       {Systematic discovery of regulatory motifs in human promoters and 3' UTRs by comparison of several mammals},
  journal =     {Nature},
  year =        2005,
  volume =      434,
  pages =       {338--345},
}

@Article{xu:1997a,
  author =      {Y. Xu and E.C. Uberbacher},
  title =       {Automated gene identification in large-scale genomic
                 sequences},
  journal =     {Journal of Computational Biology},
  year =        1997,
  volume =      4,
  pages =       {325--338},
}

@Article{xuan:2005a,
  author =      {Z. Xuan and F. Zhao and J. Wang and G. Chen and M.Q. Zhang},
  title =       {Genome-wide promoter extraction and analysis in human, mouse, and rat},
  journal =     {Genome Biology},
  year =        2005,
  volume =      6,
  pages =       {R72},
}

@Article{yamashita:2005a,
  author =      {R. Yamashita and Y. Suzuki and S. Sugano and K. Nakai},
  title =       {Genome-wide analysis reveals strong correlation between {CpG} islands with nearby transcription start sites of genes and their tissue specificity},
  journal =     {Gene},
  year =        2005,
  volume =      350,
  pages =       {129-136},
}

@Article{yeh:2001a,
  author =      {R. Yeh, L.P. Lim and C.B. Burge},
  title =       {Computational inference of homologous gene structures
                 in the human genome},
  journal =     {Genome Research},
  year =        2001,
  volume =      11,
  pages =       {803--816},
}

@Article{zhang:1997a,
  author =      {M.Q. Zhang},
  title =       {Identification of protein coding regions in the human
                 genome by quadratic discriminant analysis},
  journal =     {Proceedings of the National Academy of Sciences},
  year =        1997,
  volume =      94,
  pages =       {565-568},
}

@Article{zhang:2002a,
   author = {M.Q. Zhang},
    title = {{Computational prediction of eukaryotic protein-coding genes.}},
  journal = {Nature Review Genetics},
     year = {2002},
   volume = {3},
    pages = {698--709},
}

@Article{zhang:2003a,
   author = {Z. Zhang and M. Gerstein},
    title = {Of mice and men: phylogenetic footprinting aids the discovery of regulatory elements},
  journal = {Journal of Biology},
     year = {2003},
   volume = {2},
    pages = {11},
}












