@book{huertas2001calculo,
  title={C{\'a}lculo actuarial: contingencias de vida individual},
  author={Huertas, Jaime A},
  journal={Bogot{\'a}: Universidad Nacional de Colombia},
  year={2001}
}
@book{franco2015calculo,
  title={C{\'a}lculo Actuarial. Introducci{\'o}n a la actuaria de vida},
  author={Franco Ceballos, Luis Eduardo and Agudelo Torres, Gabriel Alberto and Franco Arbel{\'a}ez, Luis Ceferino},
  journal={Textos Acad{\'e}micos},
  year={2015},
  publisher={Fondo Editorial ITM}
}
@book{giraldoactuaria,
  title={Actuar{\'i}a de contingencias de vida con aplicaciones en R},
  author={Giraldo G{\'o}mez, Norman Diego},
  journal={Escuela de Estad{\'\i}stica}
}

